<?xml version="1.0" encoding="utf-8"?>
<collection xmlns="http://www.loc.gov/MARC21/slim" xmlns:xsi="http://www.w3.org/2001/XMLSchema-instance" xsi:schemaLocation="http://www.loc.gov/MARC21/slim http://www.loc.gov/standards/marcxml/schema/MARC21slim.xsd">
<record type="Bibliographic">
<record type="Bibliographic">
<leader>     nam a2200397 a 4500</leader>
<controlfield tag="001">DUKE005438458</controlfield>
<controlfield tag="005">20120521115551.0</controlfield>
<controlfield tag="006">m||||||||d||||||||</controlfield>
<controlfield tag="007">cr||||||||||||</controlfield>
<controlfield tag="008">120514s2011^^^^ua^^^^^fo|^^^^001^0^eng|d</controlfield>
<datafield tag="020" ind1=" " ind2=" ">
 <subfield code="a">9781617971037 (ebook) :</subfield>
 <subfield code="c">No price</subfield>
</datafield>
<datafield tag="020" ind1=" " ind2=" ">
 <subfield code="a">1617971030 (ebook) :</subfield>
 <subfield code="c">No price</subfield>
</datafield>
<datafield tag="040" ind1=" " ind2=" ">
 <subfield code="a">StDuBDS</subfield>
 <subfield code="c">StDuBDS</subfield>
</datafield>
<datafield tag="049" ind1=" " ind2=" ">
 <subfield code="a">DUKIR</subfield>
</datafield>
<datafield tag="050" ind1=" " ind2="0">
 <subfield code="a">BX134.E3</subfield>
 <subfield code="b">J5 2011</subfield>
</datafield>
<datafield tag="082" ind1="0" ind2="4">
 <subfield code="a">262.12172</subfield>
 <subfield code="2">23</subfield>
</datafield>
<datafield tag="100" ind1="1" ind2=" ">
 <subfield code="a">Jirjis, Majdī.</subfield>
</datafield>
<datafield tag="245" ind1="1" ind2="4">
 <subfield code="a">The emergence of the modern Coptic papacy</subfield>
 <subfield code="h">[electronic resource] :</subfield>
 <subfield code="b">the Egyptian Church and its leadership from the Ottoman period to the present /</subfield>
 <subfield code="c">Magdi Guirguis and Nelly Van Doorn-Harder.</subfield>
</datafield>
<datafield tag="260" ind1=" " ind2=" ">
 <subfield code="a">Cairo :</subfield>
 <subfield code="b">American University in Cairo Press,</subfield>
 <subfield code="c">2011.</subfield>
</datafield>
<datafield tag="300" ind1=" " ind2=" ">
 <subfield code="a">1 online resource (xi, 264 p.).</subfield>
</datafield>
<datafield tag="490" ind1="1" ind2=" ">
 <subfield code="a">The popes of Egypt ;</subfield>
 <subfield code="v">v. 3</subfield>
</datafield>
<datafield tag="520" ind1="8" ind2=" ">
 <subfield code="a">Using court, financial and building records, as well as archives from the Coptic Orthodox Patriarchate and monasteries, Magdi Guirguis has reconstructed the authority of the popes and the organization of the Coptic community during this time.</subfield>
</datafield>
<datafield tag="588" ind1=" " ind2=" ">
 <subfield code="a">Description based on print version record.</subfield>
</datafield>
<datafield tag="504" ind1=" " ind2=" ">
 <subfield code="a">Includes bibliographical references and index.</subfield>
</datafield>
<datafield tag="610" ind1="2" ind2="0">
 <subfield code="a">Coptic Church</subfield>
 <subfield code="x">History.</subfield>
</datafield>
<datafield tag="650" ind1=" " ind2="0">
 <subfield code="a">Coptic fathers of the church.</subfield>
</datafield>
<datafield tag="655" ind1=" " ind2="7">
 <subfield code="a">Electronic books.</subfield>
 <subfield code="2">lcgft</subfield>
</datafield>
<datafield tag="700" ind1="1" ind2=" ">
 <subfield code="a">Doorn-Harder, Pieternella van,</subfield>
 <subfield code="d">1956-</subfield>
</datafield>
<datafield tag="776" ind1="0" ind2="8">
 <subfield code="i">Print version</subfield>
 <subfield code="z">9789774161032</subfield>
</datafield>
<datafield tag="830" ind1=" " ind2="0">
 <subfield code="a">Popes of Egypt ;</subfield>
 <subfield code="v">v. 3.</subfield>
</datafield>
<datafield tag="856" ind1="4" ind2="0">
 <subfield code="u">http://dx.doi.org/10.5743/cairo/9789774161032.001.0001</subfield>
 <subfield code="y">get it@Duke</subfield>
</datafield>
<datafield tag="915" ind1=" " ind2=" ">
 <subfield code="a">University Press Scholarship Online - Frontfile</subfield>
</datafield>
<datafield tag="942" ind1=" " ind2=" ">
 <subfield code="a">EB</subfield>
 <subfield code="b">Electronic books</subfield>
</datafield>
<datafield tag="942" ind1=" " ind2=" ">
 <subfield code="a">AM</subfield>
 <subfield code="b">Book</subfield>
</datafield>
<datafield tag="944" ind1=" " ind2=" ">
 <subfield code="a">EDZ0000084815</subfield>
</datafield>
<datafield tag="946" ind1="1" ind2=" ">
 <subfield code="b">20120530</subfield>
</datafield>
<datafield tag="940" ind1=" " ind2=" ">
 <subfield code="b">DUKIR</subfield>
 <subfield code="o">04</subfield>
 <subfield code="r">ITNET</subfield>
</datafield>
</record>
</collection>